@book{vigers,
    author = {Karl Wiegers},
    title = {Software Requirements},
    edition = {Third Edition},
    publisher = {Microsoft Press},
    year = {2013}
}

@book{vigersRu,
    author = {К. Вигерс},
    title = {Разработка требований к программному обеспечению},
    publisher = {Русская Редакция},
    year = {2014},
}

@www{jira,
    title = {JIRA},
    url = {https://www.atlassian.com/software/jira/free},
    date = {16.01.2024}
}
